@techreport{nakamoto2019bitcoin,
  title={{Bitcoin: A peer-to-peer electronic cash system}},
  author={Nakamoto, Satoshi},
  year={2019},
  institution={Manubot}
}

@techreport{RFC5210,
  author = {J. Wu and J. Bi and X. Li and G. Ren and K. Xu and M. Williams},
  title = {{A Source Address Validation Architecture (SAVA) Testbed and Deployment Experience}},
  howpublished = {Internet Requests for Comments},
  type = {RFC},
  number = {5210},
  year = {2008},
  month = {June},
  issn = {2070-1721},
  publisher = {RFC Editor},
  institution = {RFC Editor},
}


@techreport{RFC8415,
  author = {T. Mrugalski and M. Siodelski and B. Volz and A. Yourtchenko and M. Richardson and S. Jiang and T. Lemon and T. Winters},
  title = {{Dynamic Host Configuration Protocol for IPv6 (DHCPv6)}},
  howpublished = {Internet Requests for Comments},
  type = {RFC},
  number = {8415},
  year = {2018},
  month = {November},
  issn = {2070-1721},
  publisher = {RFC Editor},
  institution = {RFC Editor},
}

@techreport{SDNTi,
  title={{IPv6网络用户可信跨域漫游与溯源方案研究}},
  author={李春雷},
  year={2019}
}

@techreport{RFC3022,
  author = {P. Srisuresh and K. Egevang},
  title = {{Traditional IP Network Address Translator (Traditional NAT)}},
  howpublished = {Internet Requests for Comments},
  type = {RFC},
  number = {3022},
  year = {2001},
  month = {January},
  issn = {2070-1721},
  publisher = {RFC Editor},
  institution = {RFC Editor},
}

@techreport{RFC1519,
  author = {Vince Fuller and Tony Li and Jessica (Jie Yun) Yu and Kannan Varadhan},
  title = {{Classless Inter-Domain Routing (CIDR): an Address Assignment and Aggregation Strategy}},
  howpublished = {Internet Requests for Comments},
  type = {RFC},
  number = {1519},
  year = {1993},
  month = {September},
  issn = {2070-1721},
  publisher = {RFC Editor},
  institution = {RFC Editor},
  url = {http://www.rfc-editor.org/rfc/rfc1519.txt},
  note = {\url{http://www.rfc-editor.org/rfc/rfc1519.txt}},
}

@article{smith2011free,
  title={{Free pool of IPv4 address space depleted}},
  author={Smith, Lucie and Lipner, Ian},
  journal={Number Resource Organization},
  volume={3},
  pages={2011},
  year={2011}
}

@misc{RIPENCC,
  title = {{The RIPE NCC has run out of IPv4 Addresses}},
  institution = {Réseaux IP Européens Network Coordination Centre},
  month = {May},
  year = {2020},
}

@misc{Kaspersky,
  title = {{Kaspersky Lab Study: Average Cost of Enterprise DDoS Attack Totals \$2M}},
  howpublished = {\url{https://www.msspalert.com/cybersecurity-research/kaspersky-lab-study-average-cost-of-enterprise-ddos-attack-totals-2m/}},
  month = {May},
  year = {2020},
}

@misc{DDosCost,
  title = {{The average DDoS attack cost for businesses rises to over \$2.5 million}},
  howpublished = {\url{https://www.zdnet.com/article/the-average-ddos-attack-cost-for-businesses-rises-to-over-2-5m/}},
  month = {May},
  year = {2020},
}

@article{mirkovic2004taxonomy,
  title={{A taxonomy of DDoS attack and DDoS defense mechanisms}},
  author={Mirkovic, Jelena and Reiher, Peter},
  journal={ACM SIGCOMM Computer Communication Review},
  volume={34},
  number={2},
  pages={39--53},
  year={2004},
  publisher={ACM New York, NY, USA}
}

@misc{USStrategyPlan,
  title = {{2016 Federal Cybersecurity Research and Development Strategic Plan}},
  howpublished = {\url{https://www.nitrd.gov/pubs/Federal-Cybersecurity-RD-Strategic-Plan-2019.pdf}},
  month = {May},
  year = {2020},
}

@article{douligeris2004ddos,
  title={{DDoS attacks and defense mechanisms: classification and state-of-the-art}},
  author={Douligeris, Christos and Mitrokotsa, Aikaterini},
  journal={Computer Networks},
  volume={44},
  number={5},
  pages={643--666},
  year={2004},
  publisher={Elsevier}
}

@article{wood2014ethereum,
  title={{Ethereum: A secure decentralised generalised transaction ledger}},
  author={Wood, Gavin and others},
  journal={Ethereum project yellow paper},
  volume={151},
  number={2014},
  pages={1--32},
  year={2014}
}

@article{liu2015building,
  title={{Building an IPv6 address generation and traceback system with NIDTGA in Address Driven Network}},
  author={Liu, Ying and Ren, Gang and Wu, JianPing and Zhang, ShengLin and He, Lin and Jia, YiHao},
  journal={Science China Information Sciences},
  volume={58},
  number={12},
  pages={1--14},
  year={2015},
  publisher={Springer}
}

@article{bi2009preventing,
  title={{Preventing IP source address spoofing: A two-level, state machine-based method}},
  author={Bi, Jun and Liu, Bingyang and Wu, Jianping and Shen, Yan},
  journal={Tsinghua Science and Technology},
  volume={14},
  number={4},
  pages={413--422},
  year={2009},
  publisher={TUP}
}

@inproceedings{shen2008two,
  title={{A two-level source address spoofing prevention based on automatic signature and verification mechanism}},
  author={Shen, Yan and Bi, Jun and Wu, Jianping and Liu, Qiang},
  booktitle={2008 IEEE Symposium on Computers and Communications},
  pages={392--397},
  year={2008},
  organization={IEEE}
}

@incollection{dhillon2017hyperledger,
  title={{The hyperledger project}},
  author={Dhillon, Vikram and Metcalf, David and Hooper, Max},
  booktitle={Blockchain enabled applications},
  pages={139--149},
  year={2017},
  publisher={Springer}
}

@techreport{RFC0791,
  author = {Jon Postel},
  title = {{Internet Protocol}},
  howpublished = {Internet Requests for Comments},
  type = {STD},
  number = {5},
  year = {1981},
  month = {September},
  issn = {2070-1721},
  publisher = {RFC Editor},
  institution = {RFC Editor},
  url = {http://www.rfc-editor.org/rfc/rfc791.txt},
  note = {\url{http://www.rfc-editor.org/rfc/rfc791.txt}},
}

@techreport{RFC2460,
  author = {Stephen E. Deering and Robert M. Hinden},
  title = {{Internet Protocol, Version 6 (IPv6) Specification}},
  howpublished = {Internet Requests for Comments},
  type = {RFC},
  number = {2460},
  year = {1998},
  month = {December},
  issn = {2070-1721},
  publisher = {RFC Editor},
  institution = {RFC Editor},
  url = {http://www.rfc-editor.org/rfc/rfc2460.txt},
  note = {\url{http://www.rfc-editor.org/rfc/rfc2460.txt}},
}

@techreport{RFC2462,
  author = {S. Thomson and T. Narten},
  title = {{IPv6 Stateless Address Autoconfiguration}},
  howpublished = {Internet Requests for Comments},
  type = {RFC},
  number = {2462},
  year = {1998},
  month = {December},
  issn = {2070-1721},
  publisher = {RFC Editor},
  institution = {RFC Editor},
}

@techreport{RFC2461,
  author = {T. Narten and E. Nordmark and W. Simpson},
  title = {{Neighbor Discovery for IP Version 6 (IPv6)}},
  howpublished = {Internet Requests for Comments},
  type = {RFC},
  number = {2461},
  year = {1998},
  month = {December},
  issn = {2070-1721},
  publisher = {RFC Editor},
  institution = {RFC Editor},
}

@techreport{RFC5175,
  author = {B. Haberman and R. Hinden},
  title = {{IPv6 Router Advertisement Flags Option}},
  howpublished = {Internet Requests for Comments},
  type = {RFC},
  number = {5175},
  year = {2008},
  month = {March},
  issn = {2070-1721},
  publisher = {RFC Editor},
  institution = {RFC Editor},
}

@techreport{RFC4580,
  author = {B. Volz},
  title = {{Dynamic Host Configuration Protocol for IPv6 (DHCPv6) Relay Agent Subscriber-ID Option}},
  howpublished = {Internet Requests for Comments},
  type = {RFC},
  number = {4580},
  year = {2006},
  month = {June},
  issn = {2070-1721},
  publisher = {RFC Editor},
  institution = {RFC Editor},
}

@techreport{RFC6939,
  author = {G. Halwasia and S. Bhandari and W. Dec},
  title = {{Client Link-Layer Address Option in DHCPv6}},
  howpublished = {Internet Requests for Comments},
  type = {RFC},
  number = {6939},
  year = {2013},
  month = {May},
  issn = {2070-1721},
  publisher = {RFC Editor},
  institution = {RFC Editor},
}

@techreport{RFC4291,
  author = {R. Hinden and S. Deering},
  title = {{IP Version 6 Addressing Architecture}},
  howpublished = {Internet Requests for Comments},
  type = {RFC},
  number = {4291},
  year = {2006},
  month = {February},
  issn = {2070-1721},
  publisher = {RFC Editor},
  institution = {RFC Editor},
  url = {http://www.rfc-editor.org/rfc/rfc4291.txt},
  note = {\url{http://www.rfc-editor.org/rfc/rfc4291.txt}},
}

@techreport{RFC2765,
  author = {E. Nordmark},
  title = {{Stateless IP/ICMP Translation Algorithm (SIIT)}},
  howpublished = {Internet Requests for Comments},
  type = {RFC},
  number = {2765},
  year = {2000},
  month = {February},
  issn = {2070-1721},
  publisher = {RFC Editor},
  institution = {RFC Editor},
}

@techreport{RFC6219,
  author = {X. Li and C. Bao and M. Chen and H. Zhang and J. Wu},
  title = {{The China Education and Research Network (CERNET) IVI Translation Design and Deployment for the IPv4/IPv6 Coexistence and Transition}},
  howpublished = {Internet Requests for Comments},
  type = {RFC},
  number = {6219},
  year = {2011},
  month = {May},
  issn = {2070-1721},
  publisher = {RFC Editor},
  institution = {RFC Editor},
}

@techreport{RFC2464,
  author = {M. Crawford},
  title = {{Transmission of IPv6 Packets over Ethernet Networks}},
  howpublished = {Internet Requests for Comments},
  type = {RFC},
  number = {2464},
  year = {1998},
  month = {December},
  issn = {2070-1721},
  publisher = {RFC Editor},
  institution = {RFC Editor},
}

@techreport{RFC7217,
  author = {F. Gont},
  title = {{A Method for Generating Semantically Opaque Interface Identifiers with IPv6 Stateless Address Autoconfiguration (SLAAC)}},
  howpublished = {Internet Requests for Comments},
  type = {RFC},
  number = {7217},
  year = {2014},
  month = {April},
  issn = {2070-1721},
  publisher = {RFC Editor},
  institution = {RFC Editor},
}

@inproceedings{oliveira2007geographically,
  title={{Geographically informed inter-domain routing}},
  author={Oliveira, Ricardo and Lad, Mohit and Zhang, Beichuan and Zhang, Lixia},
  booktitle={2007 IEEE International Conference on Network Protocols},
  pages={103--112},
  year={2007},
  organization={IEEE}
}

@techreport{RFC2401,
  author = {S. Kent and R. Atkinson},
  title = {{Security Architecture for the Internet Protocol}},
  howpublished = {Internet Requests for Comments},
  type = {RFC},
  number = {2401},
  year = {1998},
  month = {November},
  issn = {2070-1721},
  publisher = {RFC Editor},
  institution = {RFC Editor},
}

@techreport{RFC2827,
  author = {P. Ferguson and D. Senie},
  title = {{Network Ingress Filtering: Defeating Denial of Service Attacks which employ IP Source Address Spoofing}},
  howpublished = {Internet Requests for Comments},
  type = {BCP},
  number = {38},
  year = {2000},
  month = {May},
  issn = {2070-1721},
  publisher = {RFC Editor},
  institution = {RFC Editor},
  url = {http://www.rfc-editor.org/rfc/rfc2827.txt},
  note = {\url{http://www.rfc-editor.org/rfc/rfc2827.txt}},
}

@misc{uRPF,
  title = {{Understanding Unicast Reverse Path Forwarding}},
  howpublished = {\url{https://tools.cisco.com/security/center/resources/unicast_reverse_path_forwarding}},
  author = {Cisco},
  month = {3},
  year = {2020},
}

@inproceedings{bremler2005spoofing,
  title={{Spoofing prevention method}},
  author={Bremler-Barr, Anat and Levy, Hanoch},
  booktitle={Proceedings IEEE 24th Annual Joint Conference of the IEEE Computer and Communications Societies.},
  volume={1},
  pages={536--547},
  year={2005},
  organization={IEEE}
}

@article{liu2006efficient,
  title={{Efficient and Secure Source Authentication with Packet Passports.}},
  author={Liu, Xin and Yang, Xiaowei and Wetherall, David and Anderson, Thomas E},
  journal={SRUTI},
  volume={6},
  pages={2--2},
  year={2006}
}

@inproceedings{li2002save,
  title={{SAVE: Source address validity enforcement protocol}},
  author={Li, Jun and Mirkovic, Jelena and Wang, Mengqiu and Reiher, Peter and Zhang, Lixia},
  booktitle={Proceedings. Twenty-First Annual Joint Conference of the IEEE Computer and Communications Societies},
  volume={3},
  pages={1557--1566},
  year={2002},
  organization={IEEE}
}

@inproceedings{duan2006constructing,
  title={{Constructing Inter-Domain Packet Filters to Control IP Spoofing Based on BGP Updates.}},
  author={Duan, Zhenhai and Yuan, Xin and Chandrashekar, Jaideep},
  booktitle={INFOCOM},
  year={2006}
}

@inproceedings{lijun2006bgp,
  title={{BGP route selection notice}},
  author={Lijun, Wang and Ke, Xu and Jianping, Wu},
  booktitle={International Conference on Information Networking},
  pages={440--449},
  year={2006},
  organization={Springer}
}

@techreport{burrows1995secure,
  title={{Secure hash standard}},
  author={Burrows, James H},
  year={1995},
  institution={Department of Commerce Washington DC}
}

@inproceedings{merkle1987digital,
  title={{A digital signature based on a conventional encryption function}},
  author={Merkle, Ralph C},
  booktitle={Conference on the theory and application of cryptographic techniques},
  pages={369--378},
  year={1987},
  organization={Springer}
}

@inproceedings{androulaki2018hyperledger,
  title={{Hyperledger fabric: a distributed operating system for permissioned blockchains}},
  author={Androulaki, Elli and Barger, Artem and Bortnikov, Vita and Cachin, Christian and Christidis, Konstantinos and De Caro, Angelo and Enyeart, David and Ferris, Christopher and Laventman, Gennady and Manevich, Yacov and others},
  booktitle={Proceedings of the Thirteenth EuroSys Conference},
  pages={1--15},
  year={2018}
}

@article{thein2014apache,
  title={{Apache kafka: Next generation distributed messaging system}},
  author={Thein, Khin Me Me},
  journal={International Journal of Scientific Engineering and Technology Research},
  volume={3},
  number={47},
  pages={9478--9483},
  year={2014}
}


@inproceedings{ongaro2014search,
  title={{In search of an understandable consensus algorithm}},
  author={Ongaro, Diego and Ousterhout, John},
  booktitle={2014 $\{$USENIX$\}$ Annual Technical Conference ($\{$USENIX$\}$$\{$ATC$\}$ 14)},
  pages={305--319},
  year={2014}
}

@misc{Besu,
  title = {{Hyperledger Besu}},
  howpublished = {\url{https://besu.readthedocs.io/en/latest/}},
  month = {May},
  year = {2020},
}

@misc{Indy,
  title = {{Hyperledger Indy}},
  howpublished = {\url{https://indy.readthedocs.io/en/latest/}},
  month = {May},
  year = {2020},
}

@misc{Sawtooth,
  title = {{Hyperledger Sawtooth}},
  howpublished = {\url{https://sawtooth.hyperledger.org/docs/core/releases/latest/}},
  month = {May},
  year = {2020},
}


@article{ieee802ieee,
  title={{IEEE standard for local and metropolitan area networks: port-based network access control}},
  author={IEEE 802.1 Standard Working Group and others},
  journal={IEEE Std},
  volume={802}
}

@techreport{RFC7159,
  author = {T. Bray},
  title = {{The JavaScript Object Notation (JSON) Data Interchange Format}},
  howpublished = {Internet Requests for Comments},
  type = {RFC},
  number = {7159},
  year = {2014},
  month = {March},
  issn = {2070-1721},
  publisher = {RFC Editor},
  institution = {RFC Editor},
  url = {http://www.rfc-editor.org/rfc/rfc7159.txt},
  note = {\url{http://www.rfc-editor.org/rfc/rfc7159.txt}},
}

@article{koblitz1987elliptic,
  title={{Elliptic curve cryptosystems}},
  author={Koblitz, Neal},
  journal={Mathematics of computation},
  volume={48},
  number={177},
  pages={203--209},
  year={1987}
}

@inproceedings{miller1985use,
  title={{Use of elliptic curves in cryptography}},
  author={Miller, Victor S},
  booktitle={Conference on the theory and application of cryptographic techniques},
  pages={417--426},
  year={1985},
  organization={Springer}
}


@article{qu1999sec,
  title={{SEC 2: Recommended elliptic curve domain parameters}},
  author={Qu, Minghua},
  journal={Certicom Res., Mississauga, ON, Canada, Tech. Rep. SEC2-Ver-0.6},
  year={1999},
  publisher={Citeseer}
}

@techreport{RFC7039,
  author = {J. Wu and J. Bi and M. Bagnulo and F. Baker and C. Vogt},
  title = {{Source Address Validation Improvement (SAVI) Framework}},
  howpublished = {Internet Requests for Comments},
  type = {RFC},
  number = {7039},
  year = {2013},
  month = {October},
  issn = {2070-1721},
  publisher = {RFC Editor},
  institution = {RFC Editor},
}

@techreport{RFC6959,
  author = {D. McPherson and F. Baker and J. Halpern},
  title = {{Source Address Validation Improvement (SAVI) Threat Scope}},
  howpublished = {Internet Requests for Comments},
  type = {RFC},
  number = {6959},
  year = {2013},
  month = {May},
  issn = {2070-1721},
  publisher = {RFC Editor},
  institution = {RFC Editor},
}

@techreport{RFC7513,
  author = {J. Bi and J. Wu and G. Yao and F. Baker},
  title = {{Source Address Validation Improvement (SAVI) Solution for DHCP}},
  howpublished = {Internet Requests for Comments},
  type = {RFC},
  number = {7513},
  year = {2015},
  month = {May},
  issn = {2070-1721},
  publisher = {RFC Editor},
  institution = {RFC Editor},
}

@techreport{RFC6620,
  author = {E. Nordmark and M. Bagnulo and E. Levy-Abegnoli},
  title = {{FCFS SAVI: First-Come, First-Served Source Address Validation Improvement for Locally Assigned IPv6 Addresses}},
  howpublished = {Internet Requests for Comments},
  type = {RFC},
  number = {6620},
  year = {2012},
  month = {May},
  issn = {2070-1721},
  publisher = {RFC Editor},
  institution = {RFC Editor},
}

@techreport{RFC7219,
  author = {M. Bagnulo and A. Garcia-Martinez},
  title = {{SEcure Neighbor Discovery (SEND) Source Address Validation Improvement (SAVI)}},
  howpublished = {Internet Requests for Comments},
  type = {RFC},
  number = {7219},
  year = {2014},
  month = {May},
  issn = {2070-1721},
  publisher = {RFC Editor},
  institution = {RFC Editor},
}

@inproceedings{castro1999practical,
  title={{Practical Byzantine fault tolerance}},
  author={Castro, Miguel and Liskov, Barbara and others},
  booktitle={OSDI},
  volume={99},
  number={1999},
  pages={173--186},
  year={1999}
}

@misc{rilee2018understanding,
  title={{Understanding Hyperledger Sawtooth--Proof of Elapsed Time}},
  author={Rilee, K},
  year={2018},
  publisher={Medium}
}

@article{郎平2013网络空间安全,
  title={{网络空间安全: 一项新的全球议程}},
  author={郎平},
  journal={国际安全研究},
  volume={1},
  pages={128--141},
  year={2013}
}

@misc{china2016networkspace,
  title={{国家网络空间安全战略}},
  author={国家互联网信息办公室},
  year={2016},
  publisher={中央网络安全和信息化领导小组}
}

@techreport{I-D.bi-savi-wlan,
  author = {Jun Bi and Jianping Wu and You Wang and Tao Lin},
  title = {{A SAVI Solution for WLAN}},
  howpublished = {Working Draft},
  type = {Internet-Draft},
  number = {draft-bi-savi-wlan-18},
  year = {2019},
  month = {November},
  institution = {IETF Secretariat},
  url = {http://www.ietf.org/internet-drafts/draft-bi-savi-wlan-18.txt},
  note = {\url{http://www.ietf.org/internet-drafts/draft-bi-savi-wlan-18.txt}},
}

@article{IEEE80211i, 
  author={}, 
  journal={IEEE Std 802.11i-2004}, 
  title={{IEEE Standard for information technology-Telecommunications and information exchange between systems-Local and metropolitan area networks-Specific requirements-Part 11: Wireless LAN Medium Access Control (MAC) and Physical Layer (PHY) specifications: Amendment 6: Medium Access Control (MAC) Security Enhancements}}, 
  year={2004}, 
  volume={}, 
  number={}, 
  pages={1-190},
}

@techreport{RFC4941,
  author = {T. Narten and R. Draves and S. Krishnan},
  title = {{Privacy Extensions for Stateless Address Autoconfiguration in IPv6}},
  howpublished = {Internet Requests for Comments},
  type = {RFC},
  number = {4941},
  year = {2007},
  month = {September},
  issn = {2070-1721},
  publisher = {RFC Editor},
  institution = {RFC Editor},
}

@techreport{I-D.tao-savi-savo,
  author = {Tao Zijin},
  title = {{OSPFv3-based Intra-Domain Source-Address Validation Implementation}},
  howpublished = {Working Draft},
  type = {Internet-Draft},
  number = {draft-tao-savi-savo-01},
  year = {2011},
  month = {November},
  institution = {IETF Secretariat},
  url = {http://www.ietf.org/internet-drafts/draft-tao-savi-savo-01.txt},
  note = {\url{http://www.ietf.org/internet-drafts/draft-tao-savi-savo-01.txt}},
}

@techreport{RFC2740,
  author = {R. Coltun and D. Ferguson and J. Moy},
  title = {{OSPF for IPv6}},
  howpublished = {Internet Requests for Comments},
  type = {RFC},
  number = {2740},
  year = {1999},
  month = {December},
  issn = {2070-1721},
  publisher = {RFC Editor},
  institution = {RFC Editor},
}

@techreport{RFC4271,
  author = {Y. Rekhter and T. Li and S. Hares},
  title = {{A Border Gateway Protocol 4 (BGP-4)}},
  howpublished = {Internet Requests for Comments},
  type = {RFC},
  number = {4271},
  year = {2006},
  month = {January},
  issn = {2070-1721},
  publisher = {RFC Editor},
  institution = {RFC Editor},
  url = {http://www.rfc-editor.org/rfc/rfc4271.txt},
  note = {\url{http://www.rfc-editor.org/rfc/rfc4271.txt}},
}

@techreport{RFC1034,
  author = {P. Mockapetris},
  title = {{Domain names - concepts and facilities}},
  howpublished = {Internet Requests for Comments},
  type = {STD},
  number = {13},
  year = {1987},
  month = {November},
  issn = {2070-1721},
  publisher = {RFC Editor},
  institution = {RFC Editor},
  url = {http://www.rfc-editor.org/rfc/rfc1034.txt},
  note = {\url{http://www.rfc-editor.org/rfc/rfc1034.txt}},
}

@techreport{RFC1035,
  author = {P. Mockapetris},
  title = {{Domain names - implementation and specification}},
  howpublished = {Internet Requests for Comments},
  type = {STD},
  number = {13},
  year = {1987},
  month = {November},
  issn = {2070-1721},
  publisher = {RFC Editor},
  institution = {RFC Editor},
  url = {http://www.rfc-editor.org/rfc/rfc1035.txt},
  note = {\url{http://www.rfc-editor.org/rfc/rfc1035.txt}},
}


@techreport{RFC6480,
  author = {M. Lepinski and S. Kent},
  title = {{An Infrastructure to Support Secure Internet Routing}},
  howpublished = {Internet Requests for Comments},
  type = {RFC},
  number = {6480},
  year = {2012},
  month = {February},
  issn = {2070-1721},
  publisher = {RFC Editor},
  institution = {RFC Editor},
  url = {http://www.rfc-editor.org/rfc/rfc6480.txt},
  note = {\url{http://www.rfc-editor.org/rfc/rfc6480.txt}},
}

@article{kohnfelder1999threats,
  title={{The threats to our products}},
  author={Kohnfelder, Loren and Garg, Praerit},
  journal={Microsoft Interface, Microsoft Corporation},
  volume={33},
  year={1999}
}

@techreport{RFC2516,
  author = {Louis Mamakos and Kurt Lidl and Jeff Evarts and David Carrel and Dan Simone and Ross Wheeler},
  title = {{A Method for Transmitting PPP Over Ethernet (PPPoE)}},
  howpublished = {Internet Requests for Comments},
  type = {RFC},
  number = {2516},
  year = {1999},
  month = {February},
  issn = {2070-1721},
  publisher = {RFC Editor},
  institution = {RFC Editor},
  url = {http://www.rfc-editor.org/rfc/rfc2516.txt},
  note = {\url{http://www.rfc-editor.org/rfc/rfc2516.txt}},
}

@inproceedings{feng2012insavo,
  title={{InSAVO: Intra-AS IP source address validation solution with OpenRouter}},
  author={Feng, Tao and Bi, Jun and Yao, G and Xiao, P},
  booktitle={proceedings of INFOCOM},
  year={2012}
}

@techreport{RFC3411,
  author = {D. Harrington and R. Presuhn and B. Wijnen},
  title = {{An Architecture for Describing Simple Network Management Protocol (SNMP) Management Frameworks}},
  howpublished = {Internet Requests for Comments},
  type = {STD},
  number = {62},
  year = {2002},
  month = {December},
  issn = {2070-1721},
  publisher = {RFC Editor},
  institution = {RFC Editor},
  url = {http://www.rfc-editor.org/rfc/rfc3411.txt},
  note = {\url{http://www.rfc-editor.org/rfc/rfc3411.txt}},
}

@techreport{RFC3413,
  author = {D. Levi and P. Meyer and B. Stewart},
  title = {{Simple Network Management Protocol (SNMP) Applications}},
  howpublished = {Internet Requests for Comments},
  type = {STD},
  number = {62},
  year = {2002},
  month = {December},
  issn = {2070-1721},
  publisher = {RFC Editor},
  institution = {RFC Editor},
  url = {http://www.rfc-editor.org/rfc/rfc3413.txt},
  note = {\url{http://www.rfc-editor.org/rfc/rfc3413.txt}},
}

@techreport{RFC4251,
  author = {T. Ylonen and C. Lonvick},
  title = {{The Secure Shell (SSH) Protocol Architecture}},
  howpublished = {Internet Requests for Comments},
  type = {RFC},
  number = {4251},
  year = {2006},
  month = {January},
  issn = {2070-1721},
  publisher = {RFC Editor},
  institution = {RFC Editor},
  url = {http://www.rfc-editor.org/rfc/rfc4251.txt},
  note = {\url{http://www.rfc-editor.org/rfc/rfc4251.txt}},
}
